
<record>
  <leader>03044cam a2200469 a 4500</leader>
  <controlfield tag="001">19465763</controlfield>
  <controlfield tag="005">20200103114756.0</controlfield>
  <controlfield tag="008">170126m20179999gw       bl   001 0 ger  </controlfield>
  <datafield tag="906" ind1=" " ind2=" ">
    <subfield code="a">7</subfield>
    <subfield code="b">cbc</subfield>
    <subfield code="c">origres</subfield>
    <subfield code="d">2</subfield>
    <subfield code="e">ncip</subfield>
    <subfield code="f">20</subfield>
    <subfield code="g">y-gencatlg</subfield>
  </datafield>
  <datafield tag="925" ind1="0" ind2=" ">
    <subfield code="a">acquire</subfield>
    <subfield code="b">1 shelf copy</subfield>
    <subfield code="x">policy default</subfield>
  </datafield>
  <datafield tag="955" ind1=" " ind2=" ">
    <subfield code="b">fd10 2017-01-26 z-processor</subfield>
    <subfield code="i">xg06 2017-01-31</subfield>
    <subfield code="e">xg06 2017-01-31 to LL</subfield>
    <subfield code="a">xg00 2017-04-14 to USPL/LAW</subfield>
    <subfield code="c">xg06 2017-04-14 add. v. 3</subfield>
    <subfield code="e">xg06 2017-04-14 to LL</subfield>
    <subfield code="a">xg00 2017-04-14 LOGOUT</subfield>
    <subfield code="c">xg06 2018-03-15 add. v. 4 : to LL</subfield>
    <subfield code="a">fd10 2018-03-20 v. 6 and v. 8</subfield>
    <subfield code="c">xg06 2018-03-26 add. v. 6 and 8 to LL</subfield>
    <subfield code="c">xg06 2019-01-31 add. v. 5  to LL</subfield>
    <subfield code="c">xg06 2020-01-03 add. v. 7 to LL</subfield>
  </datafield>
  <datafield tag="010" ind1=" " ind2=" ">
    <subfield code="a">  2016592909</subfield>
  </datafield>
  <datafield tag="020" ind1=" " ind2=" ">
    <subfield code="a">9783406685507</subfield>
    <subfield code="q">(8-v. set)</subfield>
  </datafield>
  <datafield tag="020" ind1=" " ind2=" ">
    <subfield code="a">3406685501</subfield>
    <subfield code="q">(8-v. set)</subfield>
  </datafield>
  <datafield tag="020" ind1=" " ind2=" ">
    <subfield code="a">9783406685514</subfield>
    <subfield code="q">(volume 1)</subfield>
  </datafield>
  <datafield tag="020" ind1=" " ind2=" ">
    <subfield code="a">340668551X</subfield>
    <subfield code="q">(volume 1 )</subfield>
  </datafield>
  <datafield tag="020" ind1=" " ind2=" ">
    <subfield code="a">9783406685521 (volume 2)</subfield>
  </datafield>
  <datafield tag="020" ind1=" " ind2=" ">
    <subfield code="a">9783406685538 (volume 3)</subfield>
  </datafield>
  <datafield tag="020" ind1=" " ind2=" ">
    <subfield code="a">9783406685545 (volume 4)</subfield>
  </datafield>
  <datafield tag="020" ind1=" " ind2=" ">
    <subfield code="a">9783406685552 (volume 5)</subfield>
  </datafield>
  <datafield tag="020" ind1=" " ind2=" ">
    <subfield code="a">9783406685569 (volume 6)</subfield>
  </datafield>
  <datafield tag="020" ind1=" " ind2=" ">
    <subfield code="a">9783406685576 (volume 7)</subfield>
  </datafield>
  <datafield tag="020" ind1=" " ind2=" ">
    <subfield code="a">9783406685583 (volume 8)</subfield>
  </datafield>
  <datafield tag="040" ind1=" " ind2=" ">
    <subfield code="a">DLC</subfield>
    <subfield code="c">DLC</subfield>
  </datafield>
  <datafield tag="042" ind1=" " ind2=" ">
    <subfield code="a">pcc</subfield>
  </datafield>
  <datafield tag="043" ind1=" " ind2=" ">
    <subfield code="a">e-gx---</subfield>
  </datafield>
  <datafield tag="050" ind1="0" ind2="0">
    <subfield code="a">KK7975.51871</subfield>
    <subfield code="b">.J645 2017</subfield>
  </datafield>
  <datafield tag="245" ind1="0" ind2="0">
    <subfield code="a">Münchener Kommentar zum Strafgesetzbuch /</subfield>
    <subfield code="c">herausgegeben von Dr. Wolfgang Joecks, Professor an der Universität Greifswald, Dr. Klaus Miebach, Richter am Bundesgerichtshof a.D.</subfield>
  </datafield>
  <datafield tag="246" ind1="1" ind2="4">
    <subfield code="a">Münchener Kommentar Strafgesetzbuch</subfield>
  </datafield>
  <datafield tag="246" ind1="1" ind2="8">
    <subfield code="a">Münchener Kommentar StGB</subfield>
  </datafield>
  <datafield tag="250" ind1=" " ind2=" ">
    <subfield code="a">3. Auflage.</subfield>
  </datafield>
  <datafield tag="260" ind1=" " ind2=" ">
    <subfield code="a">München :</subfield>
    <subfield code="b">C.H. Beck,</subfield>
    <subfield code="c">2017-&lt;2019&gt;</subfield>
  </datafield>
  <datafield tag="300" ind1=" " ind2=" ">
    <subfield code="a">volume &lt;1-4,6-8&gt; ;</subfield>
    <subfield code="c">25 cm</subfield>
  </datafield>
  <datafield tag="500" ind1=" " ind2=" ">
    <subfield code="a">Description based on volume 1.</subfield>
  </datafield>
  <datafield tag="504" ind1=" " ind2=" ">
    <subfield code="a">Includes bibliographical references and index.</subfield>
  </datafield>
  <datafield tag="505" ind1="0" ind2=" ">
    <subfield code="a">Bd. 1. [Paragraphen] 1-37 / Bandredakteur, Professor Dr. Bernd von Heintschel-Heinegg -- Bd. 2. [Paragraphen] 38-79b / Bandredakteur, Professor Dr. Bernd von Heintschel-Heinegg -- Bd. 3. [Paragraphen] 80-184h / Bandredakteur, a.D. Dr. Klaus Miebach -- Bd. 4. [Paragraphen] 185-262 / Bandredakteur, Professor Dr. Günther M. Sander -- Bd. 5. [Paragraphen] 263-358 / Bandredakteure, Dr. Roland Hefendehl, Dr. Olaf Hohmann -- Bd. 6. JGG (Auszug), Nebenstrafrecht I (Strafvorschriften aus: AMG, BtMG, GÜG, TPG, TFG, GenTG, TierSchG, BNatSchG, VereinsG, VersammlG) / Bandredakteure, Dr. Marco Mansdörfer, a.D. Dr. Klaus Miebach -- Bd. 7. Nebenstrafrecht II (Strafvorschriften aus: MarkenG, UrhG, UWG, AO, SchwarzArbG, AÜG, BetrVG, AktG, AWG, BauFordSiG, BörsG, DepotG, GenG, GewO, GmbHG, HGB, InsO, KWG, WpHG, TKG, TMG) / Bandredakteur, Dr. Roland Schmitz -- Bd. 8. Nebenstrafrecht III (Strafvorschriften aus: AufenthG, FreizügG, AsylVfG, WaffG, KrWaffG, SprengG, WStG, EGWStG), Völkerstrafgesetzbuch / Bandredakteur, Dr. Christoph Stafferling.</subfield>
  </datafield>
  <datafield tag="650" ind1=" " ind2="0">
    <subfield code="a">Criminal law</subfield>
    <subfield code="z">Germany.</subfield>
  </datafield>
  <datafield tag="700" ind1="1" ind2=" ">
    <subfield code="a">Joecks, Wolfgang,</subfield>
    <subfield code="e">editor.</subfield>
  </datafield>
  <datafield tag="700" ind1="1" ind2=" ">
    <subfield code="a">Miebach, Klaus,</subfield>
    <subfield code="c">(Judge)</subfield>
    <subfield code="e">editor.</subfield>
  </datafield>
  <datafield tag="710" ind1="1" ind2="2">
    <subfield code="a">Germany.</subfield>
    <subfield code="t">Strafgesetzbuch.</subfield>
  </datafield>
  <datafield tag="923" ind1=" " ind2=" ">
    <subfield code="d">20170125</subfield>
    <subfield code="n">125878</subfield>
    <subfield code="s">93001286</subfield>
  </datafield>
  <datafield tag="952" ind1=" " ind2=" ">
    <subfield code="a">Complete in eight volumes.</subfield>
  </datafield>
</record>