
<record>
  <leader>02908cam a22003737i 4500</leader>
  <controlfield tag="001">19467445</controlfield>
  <controlfield tag="005">20200103151018.0</controlfield>
  <controlfield tag="008">160915s2016    be a     b    000 0 dut  </controlfield>
  <datafield tag="906" ind1=" " ind2=" ">
    <subfield code="a">7</subfield>
    <subfield code="b">cbc</subfield>
    <subfield code="c">origres</subfield>
    <subfield code="d">3</subfield>
    <subfield code="e">ncip</subfield>
    <subfield code="f">20</subfield>
    <subfield code="g">y-gencatlg</subfield>
  </datafield>
  <datafield tag="925" ind1="0" ind2=" ">
    <subfield code="a">acquire</subfield>
    <subfield code="b">1 shelf copy</subfield>
    <subfield code="x">policy default</subfield>
  </datafield>
  <datafield tag="955" ind1=" " ind2=" ">
    <subfield code="b">BD25 2017-04-26</subfield>
    <subfield code="b">bc12 2018-07-02 z-processor (telework)</subfield>
    <subfield code="i">bc12 2018-08-06 (telework) (overtime)</subfield>
    <subfield code="e">bc12 2018-10-23 to BCCD (ABACheck &amp; Labeled)</subfield>
  </datafield>
  <datafield tag="010" ind1=" " ind2=" ">
    <subfield code="a">  2016519750</subfield>
  </datafield>
  <datafield tag="020" ind1=" " ind2=" ">
    <subfield code="a">9789057185267</subfield>
  </datafield>
  <datafield tag="020" ind1=" " ind2=" ">
    <subfield code="a">9057185261</subfield>
  </datafield>
  <datafield tag="040" ind1=" " ind2=" ">
    <subfield code="a">DLC</subfield>
    <subfield code="b">eng</subfield>
    <subfield code="e">rda</subfield>
    <subfield code="c">DLC</subfield>
  </datafield>
  <datafield tag="043" ind1=" " ind2=" ">
    <subfield code="a">e-be---</subfield>
    <subfield code="a">e-gx---</subfield>
  </datafield>
  <datafield tag="050" ind1="0" ind2="0">
    <subfield code="a">D810.C4</subfield>
    <subfield code="b">S955 2016</subfield>
  </datafield>
  <datafield tag="100" ind1="1" ind2=" ">
    <subfield code="a">Swillen, Gerlinda,</subfield>
    <subfield code="d">1942-</subfield>
    <subfield code="e">author.</subfield>
  </datafield>
  <datafield tag="245" ind1="1" ind2="3">
    <subfield code="a">De wieg van de Tweede Wereldoorlog :</subfield>
    <subfield code="b">oorlogskinderen op de as Brussel-Berlijn /</subfield>
    <subfield code="c">Gerlinda G.B. Swillen.</subfield>
  </datafield>
  <datafield tag="246" ind1="1" ind2="4">
    <subfield code="a">Wieg van WO II</subfield>
  </datafield>
  <datafield tag="264" ind1=" " ind2="1">
    <subfield code="a">Brussel :</subfield>
    <subfield code="b">VUBPress,</subfield>
    <subfield code="c">[2016]</subfield>
  </datafield>
  <datafield tag="264" ind1=" " ind2="4">
    <subfield code="a">©2016.</subfield>
  </datafield>
  <datafield tag="300" ind1=" " ind2=" ">
    <subfield code="a">594 pages :</subfield>
    <subfield code="b">illustrations ;</subfield>
    <subfield code="c">24 cm</subfield>
  </datafield>
  <datafield tag="336" ind1=" " ind2=" ">
    <subfield code="a">text</subfield>
    <subfield code="b">txt</subfield>
    <subfield code="2">rdacontent</subfield>
  </datafield>
  <datafield tag="337" ind1=" " ind2=" ">
    <subfield code="a">unmediated</subfield>
    <subfield code="b">n</subfield>
    <subfield code="2">rdamedia</subfield>
  </datafield>
  <datafield tag="338" ind1=" " ind2=" ">
    <subfield code="a">volume</subfield>
    <subfield code="b">nc</subfield>
    <subfield code="2">rdacarrier</subfield>
  </datafield>
  <datafield tag="520" ind1="8" ind2=" ">
    <subfield code="a">In de loop van de Tweede Wereldoorlog worden er in bezet België en in Duitsland zelf kinderen geboren uit Belgische vrouwen en Duitse mannen. Zij zijn oorlogskinderen in strikte zin: zonder de oorlog zouden hun ouders elkaar (hoogstwaarschijnlijk) niet hebben ontmoet. Wie waren deze ouders? Hoe ontmoetten ze elkaar? Wat voor relatie hielden zij erop na en hoe kon deze, in een bijzonder complexe sociale en ideologische context, al dan niet worden uitgebouwd? Dit werk is daarbij bijzonder aandachtig voor de juridische status en maatschappelijke gevolgen van deze relaties, die uiteindelijk tot oorlogskinderen leidden. Belgisch-Duitse oorlogskinderen bevonden zich vanaf hun geboorte vaak in een erg moeilijke situatie. Zij genoten noch juridische, noch enige maatschappelijke bescherming. Dit is voor oorlogskinderen die vandaag geboren worden niet anders. Gerlinda Swillen publiceerde in diverse tijdschriften, is wetenschappelijk medewerker van RHEA (Onderzoekscentrum voor Gender en Diversiteit van de Vrije Universiteit Brussel) en correspondent van het SOMA (Studie- en Documentatiecentrum Oorlog en Hedendaagse Maatschappij). Verder is ze oprichter en voorzitter van de Vereniging der Oorlogskinderen in België. Gerlinda Swillen is ook ereleraar Vlaams Gemeenschapsonderwijs en algemeen voorzitter van het Masereelfonds. Ze werkte in het verleden onder meer voor de VRT en was vanaf 1967 lid van het Aktiekomitee Gelijk Loon voor Gelijk Werk.</subfield>
  </datafield>
  <datafield tag="504" ind1=" " ind2=" ">
    <subfield code="a">Includes bibliographical references (pages 529-587).</subfield>
  </datafield>
  <datafield tag="650" ind1=" " ind2="0">
    <subfield code="a">World War, 1939-1945</subfield>
    <subfield code="x">Children</subfield>
    <subfield code="z">Belgium.</subfield>
  </datafield>
  <datafield tag="650" ind1=" " ind2="0">
    <subfield code="a">World War, 1939-1945</subfield>
    <subfield code="x">Children</subfield>
    <subfield code="z">Germany.</subfield>
  </datafield>
  <datafield tag="650" ind1=" " ind2="0">
    <subfield code="a">Children of military personnel</subfield>
    <subfield code="z">Belgium</subfield>
    <subfield code="x">Social conditions.</subfield>
  </datafield>
  <datafield tag="650" ind1=" " ind2="0">
    <subfield code="a">Children of military personnel</subfield>
    <subfield code="z">Germany</subfield>
    <subfield code="x">Social conditions.</subfield>
  </datafield>
  <datafield tag="923" ind1=" " ind2=" ">
    <subfield code="d">20170113</subfield>
    <subfield code="n">70001111</subfield>
    <subfield code="s">Erasmus</subfield>
  </datafield>
  <datafield tag="985" ind1=" " ind2=" ">
    <subfield code="e">VENDOR LOAD</subfield>
  </datafield>
</record>