
<record>
  <leader>03059cam a22003137i 4500</leader>
  <controlfield tag="001">19467453</controlfield>
  <controlfield tag="005">20200103151019.0</controlfield>
  <controlfield tag="008">170113s2016    ne a          000 0 dut  </controlfield>
  <datafield tag="906" ind1=" " ind2=" ">
    <subfield code="a">7</subfield>
    <subfield code="b">cbc</subfield>
    <subfield code="c">origres</subfield>
    <subfield code="d">3</subfield>
    <subfield code="e">ncip</subfield>
    <subfield code="f">20</subfield>
    <subfield code="g">y-gencatlg</subfield>
  </datafield>
  <datafield tag="925" ind1="0" ind2=" ">
    <subfield code="a">acquire</subfield>
    <subfield code="b">1 shelf copy</subfield>
    <subfield code="x">policy default</subfield>
  </datafield>
  <datafield tag="955" ind1=" " ind2=" ">
    <subfield code="b">bd33 2017-04-21</subfield>
    <subfield code="b">bc12 2018-07-11 z-processor (telework)</subfield>
    <subfield code="i">bc12 2018-08-20 (telework)</subfield>
  </datafield>
  <datafield tag="010" ind1=" " ind2=" ">
    <subfield code="a">  2016519561</subfield>
  </datafield>
  <datafield tag="020" ind1=" " ind2=" ">
    <subfield code="a">9789077871102</subfield>
  </datafield>
  <datafield tag="020" ind1=" " ind2=" ">
    <subfield code="a">9077871101</subfield>
  </datafield>
  <datafield tag="040" ind1=" " ind2=" ">
    <subfield code="a">DLC</subfield>
    <subfield code="b">eng</subfield>
    <subfield code="e">rda</subfield>
    <subfield code="c">DLC</subfield>
  </datafield>
  <datafield tag="050" ind1="0" ind2="0">
    <subfield code="a">PT5881.18.O82</subfield>
    <subfield code="b">J33 2016</subfield>
  </datafield>
  <datafield tag="100" ind1="1" ind2=" ">
    <subfield code="a">Houten, Boudewijn van.</subfield>
  </datafield>
  <datafield tag="245" ind1="1" ind2="3">
    <subfield code="a">De jacht op het geluk. Ontmoetingen met Roger Vailland, zijn vrouw, zijn vrienden en zijn decors. Herzien onderzoek uit 1965-1969.</subfield>
    <subfield code="c">Boudewijn van Houten.</subfield>
  </datafield>
  <datafield tag="250" ind1=" " ind2=" ">
    <subfield code="a">1e druk.</subfield>
  </datafield>
  <datafield tag="264" ind1=" " ind2="1">
    <subfield code="a">Sneek :</subfield>
    <subfield code="b">Elettra</subfield>
    <subfield code="c">2016.</subfield>
  </datafield>
  <datafield tag="300" ind1=" " ind2=" ">
    <subfield code="a">85 pages :</subfield>
    <subfield code="b">illustrations ;</subfield>
    <subfield code="c">24 cm.</subfield>
  </datafield>
  <datafield tag="336" ind1=" " ind2=" ">
    <subfield code="a">text</subfield>
    <subfield code="b">txt</subfield>
    <subfield code="2">rdacontent</subfield>
  </datafield>
  <datafield tag="337" ind1=" " ind2=" ">
    <subfield code="a">unmediated</subfield>
    <subfield code="b">n</subfield>
    <subfield code="2">rdamedia</subfield>
  </datafield>
  <datafield tag="338" ind1=" " ind2=" ">
    <subfield code="a">volume</subfield>
    <subfield code="b">nc</subfield>
    <subfield code="2">rdacarrier</subfield>
  </datafield>
  <datafield tag="490" ind1="1" ind2=" ">
    <subfield code="a">Elettra Bibliofiel</subfield>
    <subfield code="v">1</subfield>
  </datafield>
  <datafield tag="520" ind1="8" ind2=" ">
    <subfield code="a">Roger Vailland (1907-1965), de hier vergeten Franse schrijver. Jan Siebelink schreef er al eens over. Boudewijn van Houten doet dat echter uitgebreider. Veertig dagen voor de dood van Roger Vailland interviewde hij deze schrijver, niet vermoedend dat hij doodziek was. Boudewijn van Houten (1939) heeft een marginale plaats in de Nederlandse literatuur. Reeds lang buitenslands wonend, is hij verguisd én geliefd. Hij vertaalt, schrijft romans, verhalen en essays. Zijn werk is echter tot nu toe niet in bibliofiele uitvoering uitgegeven. In dit essay geeft hij een scherpe kijk op het leven van Roger Vailland, die een leven leidde zonder taboes. In 1960 verscheen bij Meulenhoff De wet, waarvoor Vailland de Franse Prix Goncourt kreeg, hierna werd het stil, althans in Nederland, want in Frankrijk interesseert men zich wel degelijk voor hem, en zijn boeken worden zelfs nog verfilmd? Het kwam wel eens bij me op dat hij de duivel in persoon was. Met andere woorden: hij charmeerde je? Dit was de indruk die de Franse schrijver Roger Vailland (1907-1965) op een medejournalist maakte. Het was oorlog en beiden waren uitgeweken naar Lyon, waar Vailland in het Verzet ging. In die periode groeide zijn respect voor de communisten en in 1952 werd hij lid van de partij. Theo Kars noemde hem eens? Een geboren afvallige? en dat was hij. De onthulling van de misdaden van Stalin in 1956 was aanleiding voor hem de partij weer te verlaten en zich nu met minder gêne aan genot, vooral seksueel genot, over te geven. En daar was opeens geld voor, want de roman? De wet? die in 1958 de Prix Goncourt won, maakte hem opeens veel bekender en leidde ook tot lucratief werk voor filmproducers zoals Roger Vadim. Boudewijn van Houten interviewde de schrijver veertig dagen vóór zijn dood en had daarna contacten met zijn vrouw en zijn vrienden, waaruit dit essay ontstond dat besloten wordt met een keuze uit verrassende korte uitspraken van Vailland.</subfield>
  </datafield>
  <datafield tag="830" ind1=" " ind2="0">
    <subfield code="a">Elettra Bibliofiel ;</subfield>
    <subfield code="v">1.</subfield>
  </datafield>
  <datafield tag="923" ind1=" " ind2=" ">
    <subfield code="d">20170113</subfield>
    <subfield code="n">70001112</subfield>
    <subfield code="s">Erasmus</subfield>
  </datafield>
  <datafield tag="985" ind1=" " ind2=" ">
    <subfield code="e">VENDOR LOAD</subfield>
  </datafield>
</record>