
<record>
  <leader>02345cam a22003737i 4500</leader>
  <controlfield tag="001">19467461</controlfield>
  <controlfield tag="005">20200103151019.0</controlfield>
  <controlfield tag="008">170113s2016    be            000 0bdut  </controlfield>
  <datafield tag="906" ind1=" " ind2=" ">
    <subfield code="a">7</subfield>
    <subfield code="b">cbc</subfield>
    <subfield code="c">origres</subfield>
    <subfield code="d">3</subfield>
    <subfield code="e">ncip</subfield>
    <subfield code="f">20</subfield>
    <subfield code="g">y-gencatlg</subfield>
  </datafield>
  <datafield tag="925" ind1="0" ind2=" ">
    <subfield code="a">acquire</subfield>
    <subfield code="b">1 shelf copy</subfield>
    <subfield code="x">policy default</subfield>
  </datafield>
  <datafield tag="955" ind1=" " ind2=" ">
    <subfield code="b">bd33 2017-04-24</subfield>
    <subfield code="b">bc12 2018-07-02 z-processor (telework)</subfield>
    <subfield code="i">bc12 2018-07-30 (telework) (overtime)</subfield>
    <subfield code="a">ti38 2018-08-01</subfield>
  </datafield>
  <datafield tag="010" ind1=" " ind2=" ">
    <subfield code="a">  2016519546</subfield>
  </datafield>
  <datafield tag="020" ind1=" " ind2=" ">
    <subfield code="a">9789462670938</subfield>
  </datafield>
  <datafield tag="020" ind1=" " ind2=" ">
    <subfield code="a">9462670935</subfield>
  </datafield>
  <datafield tag="040" ind1=" " ind2=" ">
    <subfield code="a">DLC</subfield>
    <subfield code="b">eng</subfield>
    <subfield code="e">rda</subfield>
    <subfield code="c">DLC</subfield>
  </datafield>
  <datafield tag="041" ind1="1" ind2=" ">
    <subfield code="a">dut</subfield>
    <subfield code="h">eng</subfield>
  </datafield>
  <datafield tag="043" ind1=" " ind2=" ">
    <subfield code="a">f------</subfield>
  </datafield>
  <datafield tag="050" ind1="0" ind2="0">
    <subfield code="a">BP223.Z8</subfield>
    <subfield code="b">L5733385 2016</subfield>
  </datafield>
  <datafield tag="100" ind1="1" ind2=" ">
    <subfield code="a">El Azzouzi, Fikry,</subfield>
    <subfield code="d">1978-</subfield>
    <subfield code="e">author.</subfield>
  </datafield>
  <datafield tag="245" ind1="1" ind2="0">
    <subfield code="a">Malcolm X /</subfield>
    <subfield code="c">Fikry El Azzouzi ; met een voorwoord van Dyab Abou Jahjah en een nawoord van Rachida Aziz.</subfield>
  </datafield>
  <datafield tag="264" ind1=" " ind2="1">
    <subfield code="a">Berchem :</subfield>
    <subfield code="b">Epo,</subfield>
    <subfield code="c">[2016]</subfield>
  </datafield>
  <datafield tag="300" ind1=" " ind2=" ">
    <subfield code="a">125 pages ;</subfield>
    <subfield code="c">20 cm</subfield>
  </datafield>
  <datafield tag="336" ind1=" " ind2=" ">
    <subfield code="a">text</subfield>
    <subfield code="b">txt</subfield>
    <subfield code="2">rdacontent</subfield>
  </datafield>
  <datafield tag="337" ind1=" " ind2=" ">
    <subfield code="a">unmediated</subfield>
    <subfield code="b">n</subfield>
    <subfield code="2">rdamedia</subfield>
  </datafield>
  <datafield tag="338" ind1=" " ind2=" ">
    <subfield code="a">volume</subfield>
    <subfield code="b">nc</subfield>
    <subfield code="2">rdacarrier</subfield>
  </datafield>
  <datafield tag="500" ind1=" " ind2=" ">
    <subfield code="a">Includes translation of Malcolm X&apos;s speech: Malcolm X on Afro-American history.</subfield>
  </datafield>
  <datafield tag="520" ind1="8" ind2=" ">
    <subfield code="a">Hij was tegelijkertijd een van de meest gehate en geliefde mannen van zijn tijd. Droeg de geuzentitel angriest man in America. Voerde een kruistocht tegen de onderdrukking van de zwarten in de VS. Vervelde van militant van het schimmige Nation of Islam tot revolutionair. Was net geen veertig toen drie mannen hem tijdens een toespraak in New York doodschoten. Meer dan een halve eeuw na datum blijft Malcolm X, &apos;formerly known as Malcolm Little&apos;, een icoon en cultheld in hetzelfde rijtje als Che en Lumumba. Dit boek wekt hem weer tot leven. In het eerste deel steekt Fikry El Azzouzi de oceaan over om zijn fascinatie voor Malcolm X van zich af te schrijven: &apos;Ik sta recht / Niet voor de klant / Maar voor de onderkant / Voor de mensen aan de rand / Heb ik toegezegd / Om eindelijk te beginnen / Aan mijn gevecht.&apos; Het tweede deel is de neerslag van een legendarische toespraak van meneer X zelve over de Afro-Amerikaanse geschiedenis, slavernij, kolonialisme en kapitalisme.</subfield>
  </datafield>
  <datafield tag="600" ind1="1" ind2="0">
    <subfield code="a">X, Malcolm,</subfield>
    <subfield code="d">1925-1965.</subfield>
  </datafield>
  <datafield tag="650" ind1=" " ind2="0">
    <subfield code="a">Black Muslims.</subfield>
  </datafield>
  <datafield tag="650" ind1=" " ind2="0">
    <subfield code="a">African Americans</subfield>
    <subfield code="x">History.</subfield>
  </datafield>
  <datafield tag="650" ind1=" " ind2="0">
    <subfield code="a">Blacks</subfield>
    <subfield code="z">Africa</subfield>
    <subfield code="x">History.</subfield>
  </datafield>
  <datafield tag="700" ind1="1" ind2="2">
    <subfield code="a">X, Malcolm,</subfield>
    <subfield code="d">1925-1965.</subfield>
    <subfield code="t">Malcolm X on Afro-American history.</subfield>
    <subfield code="l">Dutch.</subfield>
  </datafield>
  <datafield tag="923" ind1=" " ind2=" ">
    <subfield code="d">20170113</subfield>
    <subfield code="n">70001113</subfield>
    <subfield code="s">Erasmus</subfield>
  </datafield>
  <datafield tag="985" ind1=" " ind2=" ">
    <subfield code="e">VENDOR LOAD</subfield>
  </datafield>
</record>