
<record>
  <leader>01256cam a22003377i 4500</leader>
  <controlfield tag="001">19468218</controlfield>
  <controlfield tag="005">20200103151020.0</controlfield>
  <controlfield tag="008">150810t20162016ne a     b    000 0 dut  </controlfield>
  <datafield tag="906" ind1=" " ind2=" ">
    <subfield code="a">7</subfield>
    <subfield code="b">cbc</subfield>
    <subfield code="c">origres</subfield>
    <subfield code="d">3</subfield>
    <subfield code="e">ncip</subfield>
    <subfield code="f">20</subfield>
    <subfield code="g">y-gencatlg</subfield>
  </datafield>
  <datafield tag="925" ind1="0" ind2=" ">
    <subfield code="a">acquire</subfield>
    <subfield code="b">1 shelf copy</subfield>
    <subfield code="x">policy default</subfield>
  </datafield>
  <datafield tag="955" ind1=" " ind2=" ">
    <subfield code="b">BD25 2017-02-10</subfield>
    <subfield code="i">bc12 2018-06-11 (telework)</subfield>
    <subfield code="e">bc12 2018-06-19 to BCCD (ABAchecked &amp; Labeled)</subfield>
  </datafield>
  <datafield tag="010" ind1=" " ind2=" ">
    <subfield code="a">  2016510088</subfield>
  </datafield>
  <datafield tag="020" ind1=" " ind2=" ">
    <subfield code="a">9789461054661</subfield>
    <subfield code="q">cloth</subfield>
  </datafield>
  <datafield tag="020" ind1=" " ind2=" ">
    <subfield code="a">9461054661</subfield>
    <subfield code="q">cloth</subfield>
  </datafield>
  <datafield tag="035" ind1=" " ind2=" ">
    <subfield code="a">(CaONFCNI)cou37224204</subfield>
  </datafield>
  <datafield tag="040" ind1=" " ind2=" ">
    <subfield code="a">DLC</subfield>
    <subfield code="b">eng</subfield>
    <subfield code="c">DLC</subfield>
    <subfield code="e">rda</subfield>
  </datafield>
  <datafield tag="050" ind1="0" ind2="0">
    <subfield code="a">JN5801</subfield>
    <subfield code="b">.K335 2016</subfield>
  </datafield>
  <datafield tag="245" ind1="0" ind2="0">
    <subfield code="a">Kabinetsformaties 1977-2012 /</subfield>
    <subfield code="c">Carla van Baalen en Alexander van Kessel (redactie).</subfield>
  </datafield>
  <datafield tag="264" ind1=" " ind2="1">
    <subfield code="a">Amsterdam :</subfield>
    <subfield code="b">Boom,</subfield>
    <subfield code="c">[2016]</subfield>
  </datafield>
  <datafield tag="264" ind1=" " ind2="4">
    <subfield code="c">©2016</subfield>
  </datafield>
  <datafield tag="300" ind1=" " ind2=" ">
    <subfield code="a">679 pages :</subfield>
    <subfield code="b">illustrations ;</subfield>
    <subfield code="c">25 cm</subfield>
  </datafield>
  <datafield tag="336" ind1=" " ind2=" ">
    <subfield code="a">text</subfield>
    <subfield code="2">rdacontent</subfield>
  </datafield>
  <datafield tag="337" ind1=" " ind2=" ">
    <subfield code="a">unmediated</subfield>
    <subfield code="2">rdamedia</subfield>
  </datafield>
  <datafield tag="338" ind1=" " ind2=" ">
    <subfield code="a">volume</subfield>
    <subfield code="2">rdacarrier</subfield>
  </datafield>
  <datafield tag="650" ind1=" " ind2="0">
    <subfield code="a">Cabinet system</subfield>
    <subfield code="z">Netherlands</subfield>
    <subfield code="x">History</subfield>
    <subfield code="y">20th century.</subfield>
  </datafield>
  <datafield tag="650" ind1=" " ind2="0">
    <subfield code="a">Cabinet system</subfield>
    <subfield code="z">Netherlands</subfield>
    <subfield code="x">History</subfield>
    <subfield code="y">21st century.</subfield>
  </datafield>
  <datafield tag="651" ind1=" " ind2="0">
    <subfield code="a">Netherlands</subfield>
    <subfield code="x">Politics and government</subfield>
    <subfield code="y">1945-</subfield>
  </datafield>
  <datafield tag="700" ind1="1" ind2=" ">
    <subfield code="a">Baalen, C. C. van,</subfield>
    <subfield code="d">1958-</subfield>
    <subfield code="e">editor.</subfield>
  </datafield>
  <datafield tag="700" ind1="1" ind2=" ">
    <subfield code="a">Kessel, Alexander van,</subfield>
    <subfield code="d">1968-</subfield>
    <subfield code="e">editor.</subfield>
  </datafield>
  <datafield tag="923" ind1=" " ind2=" ">
    <subfield code="d">01-19-17</subfield>
    <subfield code="n">I-20099984</subfield>
    <subfield code="s">ProQuest</subfield>
  </datafield>
  <datafield tag="985" ind1=" " ind2=" ">
    <subfield code="e">VENDOR LOAD</subfield>
  </datafield>
</record>