
<record>
  <leader>01578cam a22003257i 4500</leader>
  <controlfield tag="001">19475195</controlfield>
  <controlfield tag="005">20200103151026.0</controlfield>
  <controlfield tag="008">170201s2016    ru a          000 0 rus  </controlfield>
  <datafield tag="906" ind1=" " ind2=" ">
    <subfield code="a">7</subfield>
    <subfield code="b">cbc</subfield>
    <subfield code="c">orignew</subfield>
    <subfield code="d">3</subfield>
    <subfield code="e">ncip</subfield>
    <subfield code="f">20</subfield>
    <subfield code="g">y-nonroman</subfield>
  </datafield>
  <datafield tag="925" ind1="0" ind2=" ">
    <subfield code="a">acquire</subfield>
    <subfield code="b">1 shelf copy</subfield>
    <subfield code="x">policy default</subfield>
  </datafield>
  <datafield tag="955" ind1=" " ind2=" ">
    <subfield code="b">fe20 2017-01-01 to cat.</subfield>
    <subfield code="a">fe00 2017-02-02 to GS/RUS</subfield>
    <subfield code="t">fe01 2017-11-30 Copy 2 to surplus</subfield>
    <subfield code="h">fe12 2019-07-15 overtime to shelf</subfield>
    <subfield code="u">fe12 2019-10-28</subfield>
  </datafield>
  <datafield tag="010" ind1=" " ind2=" ">
    <subfield code="a">  2016506102</subfield>
  </datafield>
  <datafield tag="020" ind1=" " ind2=" ">
    <subfield code="a">9785906008329 (pbk.)</subfield>
  </datafield>
  <datafield tag="040" ind1=" " ind2=" ">
    <subfield code="a">DLC</subfield>
    <subfield code="b">eng</subfield>
    <subfield code="e">rda</subfield>
    <subfield code="c">DLC</subfield>
  </datafield>
  <datafield tag="043" ind1=" " ind2=" ">
    <subfield code="a">e-ru---</subfield>
  </datafield>
  <datafield tag="050" ind1="0" ind2="0">
    <subfield code="a">MLCS 2019/43533 (D)</subfield>
  </datafield>
  <datafield tag="066" ind1=" " ind2=" ">
    <subfield code="c">(N</subfield>
  </datafield>
  <datafield tag="100" ind1="1" ind2=" ">
    <subfield code="a">Ri︠a︡bukhin, Boris,</subfield>
    <subfield code="d">1941-</subfield>
    <subfield code="e">author.</subfield>
  </datafield>
  <datafield tag="245" ind1="1" ind2="0">
    <subfield code="6">880-01</subfield>
    <subfield code="a">Dli︠a︡ monarkhi-krestnye ott︠s︡y :</subfield>
    <subfield code="b">400 let dvori︠a︡nskomu rodu Lishinykh : Khronikalʹno-istoricheskoe povestvovanie /</subfield>
    <subfield code="c">Boris Ri︠a︡bukhin, Vladimir Veber.</subfield>
  </datafield>
  <datafield tag="880" ind1="1" ind2="0">
    <subfield code="6">245-01/(N</subfield>
    <subfield code="a">Для монархи-крестные отцы :</subfield>
    <subfield code="b">400 лет дворянскому роду Лишиных : Хроникально-историческое повествование /</subfield>
    <subfield code="c">Борис Рябухин, Владимир Вебер.</subfield>
  </datafield>
  <datafield tag="264" ind1=" " ind2="1">
    <subfield code="6">880-02</subfield>
    <subfield code="a">Ri︠a︡zanʹ :</subfield>
    <subfield code="b">Litera M,</subfield>
    <subfield code="c">2016.</subfield>
  </datafield>
  <datafield tag="880" ind1=" " ind2="1">
    <subfield code="6">264-02/(N</subfield>
    <subfield code="a">Рязань :</subfield>
    <subfield code="b">Литера М,</subfield>
    <subfield code="c">2016.</subfield>
  </datafield>
  <datafield tag="300" ind1=" " ind2=" ">
    <subfield code="a">428 pages :</subfield>
    <subfield code="b">illustrations ;</subfield>
    <subfield code="c">20 cm</subfield>
  </datafield>
  <datafield tag="336" ind1=" " ind2=" ">
    <subfield code="a">text</subfield>
    <subfield code="b">txt</subfield>
    <subfield code="2">rdacontent</subfield>
  </datafield>
  <datafield tag="337" ind1=" " ind2=" ">
    <subfield code="a">unmediated</subfield>
    <subfield code="b">n</subfield>
    <subfield code="2">rdamedia</subfield>
  </datafield>
  <datafield tag="338" ind1=" " ind2=" ">
    <subfield code="a">volume</subfield>
    <subfield code="b">nc</subfield>
    <subfield code="2">rdacarrier</subfield>
  </datafield>
  <datafield tag="653" ind1="0" ind2=" ">
    <subfield code="a">Lishin family;</subfield>
    <subfield code="a">nobility;</subfield>
    <subfield code="a">history.</subfield>
  </datafield>
  <datafield tag="700" ind1="1" ind2=" ">
    <subfield code="a">Veber, Vladimir,</subfield>
    <subfield code="e">author.</subfield>
  </datafield>
  <datafield tag="923" ind1=" " ind2=" ">
    <subfield code="d">exchange/gift</subfield>
    <subfield code="x">Copy 1</subfield>
  </datafield>
  <datafield tag="923" ind1=" " ind2=" ">
    <subfield code="d">20170705</subfield>
    <subfield code="n">10195827</subfield>
    <subfield code="s">RuMoEVIS</subfield>
    <subfield code="x">Copy 2</subfield>
  </datafield>
</record>